@phdthesis{tesisDani,
    author =       "D. Ciolek",
    title =        "Síntesis dirigida de controladores para sistemas de eventos discretos",
    year =         "2018",
    school =       "Laboratorio de Fundamentos y Herramientas para la Ingeniería del Software (LaFHIS), FCEyN, UBA"
}

@misc{mtsaRepo,
    title     = "Modal Transition System Analyser (MTSA)",
    url       = "http://mtsa.dc.uba.ar/"
}
